% !Mode:: "TeX:UTF-8"

@inproceedings{beyne2008through,
    title={Through-silicon via and die stacking technologies for microsystems-integration},
    author={Beyne, Eric and De Moor, Piet and Ruythooren, Wouter and Labie, Riet and Jourdain, Anne and Tilmans, Harrie and Tezcan, Deniz Sabuncuoglu and Soussan, Philippe and Swinnen, Bart and Cartuyvels, Rudi},
    booktitle={Electron Devices Meeting, 2008. IEDM 2008. IEEE International},
    pages={1--4},
    year={2008},
    organization={IEEE}
}

@inproceedings{zhang2016fast,
    title={Fast stress analysis for runtime reliability enhancement of 3D IC using artificial neural network},
    author={Zhang, Lang and Wang, Hai and Tan, Sheldon X-D},
    booktitle={Quality Electronic Design (ISQED), 2016 17th International Symposium on},
    pages={173--178},
    year={2016},
    organization={IEEE}
}

@inproceedings{zou2013thermomechanical,
    title={Thermomechanical stress-aware management for 3D IC designs},
    author={Zou, Qiaosha and Zhang, Tao and Kursun, Eren and Xie, Yuan},
    booktitle={Design, Automation \& Test in Europe Conference \& Exhibition (DATE), 2013},
    pages={1255--1258},
    year={2013},
    organization={IEEE}
}

@inproceedings{lu2009thermo,
    title={Thermo-mechanical reliability of 3-D ICs containing through silicon vias},
    author={Lu, Kuan H and Zhang, Xuefeng and Ryu, Suk-Kyu and Im, Jay and Huang, Rui and Ho, Paul S},
    booktitle={Electronic Components and Technology Conference, 2009. ECTC 2009. 59th},
    pages={630--634},
    year={2009},
    organization={IEEE}
}

%[1] 王浩刚，聂在平.三维矢量散射积分方程中奇异性分析[J].电子学报，1999, 27(12): 68-71
@article{wang1999sanwei,
  title={三维矢量散射积分方程中奇异性分析},
  author={王浩刚 and 聂在平},
  journal={电子学报},
  volume={27},
  number={12},
  pages={68--71},
  year={1999},
  language =     {Chinese}
}
%[2] X. F. Liu, B. Z. Wang, W. Shao. A marching-on-in-order scheme for exact attenuation constant extraction of lossy transmission lines[C]. China-Japan Joint Microwave Conference Proceedings, Chengdu, 2006, 527-529
@conference{liuxf2006,
  author =       {Liu,X F and Wang,B Z and Shao,W},
  title =        {A marching-on-in-order scheme for exact attenuation constant extraction of lossy transmission lines},
  year =         {2006},
  pages  =       {527-529},
  address =      {Chengdu},
  publisher =    {China-Japan Joint Microwave Conference Proceedings}
}

%[3] 竺可桢.物理学[M].北京：科学出版社，1973, 56-60
@book{zhu1973wulixue,
  title={物理学},
  author={竺可桢},
  year={1973},
  address={北京},
  pages={56-60},
  publisher={科学出版社},
  language =     {Chinese}
}

%[4] 陈念永.毫米波细胞生物效应及抗肿瘤研究[D].成都：电子科技大学，2001, 50-60
@thesis{chen2001hao,
  AUTHOR =       {陈念永},
  TITLE =        {毫米波细胞生物效应及抗肿瘤研究},
  school =       {电子科技大学},
  YEAR =         {2001},
  pages  =       {50-60},
  address =      {成都},
  language =     {Chinese}
}

%[5] 顾春.牢牢把握稳中求进的总基调[N].人民日报，2012年3月31日
@newspaper{gu2012lao,
  AUTHOR =       {顾春},
  TITLE =        {牢牢把握稳中求进的总基调},
  JOURNAL =      {人民日报},
  date =         {2012年3月31日},
  language =     {Chinese}
}

%[6] 冯西桥.核反应堆压力容器的LBB分析[R].北京：清华大学核能技术设计研究院，1997年6月25日
@techreport{feng997he,
  AUTHOR =       {冯西桥},
  TITLE =        {核反应堆压力容器的LBB分析},
  institution =  {清华大学核能技术设计研究院},
  date =         {1997年6月25日},
  address =      {北京},
  language =     {Chinese}
}

%[7] 肖珍新.一种新型排渣阀调节降温装置[P].中国，实用新型专利，ZL201120085830.0, 2012年4月25日
@patent{xiao2012yi,
  AUTHOR =       {肖珍新},
  TITLE =        {一种新型排渣阀调节降温装置},
  date =         {2012年4月25日},
  type =         {实用新型专利},
  country =      {中国},
  patentid =     {ZL201120085830.0},
  language =     {Chinese}
}

%[8] 中华人民共和国国家技术监督局.GB3100-3102.中华人民共和国国家标准--量与单位[S]. 北京：中国标准出版社，1994年11月1日
@standard{zhong1994zhong,
  AUTHOR =       {中华人民共和国国家技术监督局},
  number =       {GB3100-3102},
  TITLE =        {中华人民共和国国家标准--量与单位},
  PUBLISHER =    {中国标准出版社},
  date =         {1994年11月1日},
  address =      {北京},
  language =     {Chinese}
}

%[9] M. Clerc. Discrete particle swarm optimization: a fuzzy combinatorial box[EB/OL]. http://clere.maurice.free.fr/pso/Fuzzy_Discrere_PSO/Fuzzy_DPSO.htm, July 16, 2010
@digital{clerc2010discrete,
  author =       {M. Clerc},
  title =        {Discrete particle swarm optimization: a fuzzy combinatorial box},
  TypeofLit =    {EB/OL},
  date=          {July 16, 2010},
  url =          {http://clere.maurice.free.fr/pso/Fuzzy_Discrere_PSO/Fuzzy_DPSO.htm},
  language =     {}
}

